% Encoding: UTF-8

% RECOMENDAÇÕES
% Lista de referências, apenas referencias usadas vão compor o arquivo principal.
% A demais referências ficam apenas aqui e não atrapalham em nada.
%
% Para citar uma referência, use SOBRENOME_DO_AUTOR~\cite{palavrachave3}
%
% Também usa-se expressar frases e depois usar o \cite{palavrachave3}, como 
% em um artigo na internet~\cite{palavrachave3}
%
% O uso do til é para evitar o cite esteja desacopanhado da última palavra escrita.
%
% Duas referências usa-se: \cite{palavrachave,segundapalavra}
%
% Essas recomendações estão associadas ao uso do estilo numérico de bibliografia.
%
% Toda palavra chave deve ser única nesse arquivo.
%
% Note que as vezes é bom colocar um espaço no meio da url, 
% isso permite adequar o tamanho da url a página
%
% MISC é a opção ideal para referências de internet
%
% Quem quiser, pode usar o programa JabRef http://jabref.sourceforge.net/
% para auxiliar o preenchimento da bibliografia

% REFERÊNCIAS
@MISC{SilvasnipptsEmu,
   author = {Silva, S\'ergio Luiz Ara\'ujo},
   title = {Instalando o plugin snippetsEmu no vim},
   year = {2008},
   note = {acesso em 13/05/2009, \url{http://vivaotux.blogspot.com/2008/03/ instalando-o-plugin-snippetsemu-no-vim.html}}
}


